<?xml version='1.0' encoding='UTF-8'?>
<record xmlns="http://www.loc.gov/MARC21/slim">
  <leader>01594cam a22003375  4500</leader>
  <controlfield tag="001">1390518</controlfield>
  <controlfield tag="003">NjP</controlfield>
  <controlfield tag="005">20170605125836.0</controlfield>
  <controlfield tag="008">991111q19321933ua            000 0 ara d</controlfield>
  <datafield tag="024" ind1="7" ind2=" ">
    <subfield code="a">princeton_aco001938</subfield>
    <subfield code="2">local</subfield>
  </datafield>
  <datafield ind1=" " ind2=" " tag="035">
    <subfield code="a">(OCoLC)ocn176585430</subfield>
  </datafield>
  <datafield ind1=" " ind2=" " tag="035">
    <subfield code="a">(OCoLC)ocm42812052</subfield>
  </datafield>
  <datafield ind1=" " ind2=" " tag="035">
    <subfield code="a">(OCoLC)176585430</subfield>
  </datafield>
  <datafield ind1=" " ind2=" " tag="035">
    <subfield code="9">CED4547TS</subfield>
  </datafield>
  <datafield ind1=" " ind2=" " tag="035">
    <subfield code="a">(NjP)1390518</subfield>
  </datafield>
  <datafield ind1=" " ind2=" " tag="040">
    <subfield code="a">PUL</subfield>
    <subfield code="c">PUL</subfield>
    <subfield code="d">PUL</subfield>
  </datafield>
  <datafield ind1=" " ind2=" " tag="049">
    <subfield code="a">PULL</subfield>
  </datafield>
  <datafield ind1=" " ind2=" " tag="079">
    <subfield code="a">ocm42812052</subfield>
  </datafield>
  <datafield ind1="1" ind2=" " tag="100">
    <subfield code="6">880-01</subfield>
    <subfield code="a">Ibn Farḥūn, Ibrāhīm ibn ʻAlī,</subfield>
    <subfield code="d">-1397.</subfield>
    <subfield code="0">http://id.loc.gov/authorities/names/n85051641</subfield>
  </datafield>
  <datafield ind1="0" ind2="3" tag="245">
    <subfield code="6">880-02</subfield>
    <subfield code="a">al-Dībāj al-mudhahhab fī maʻrifat aʻyān ʻulamāʼ al-madhhab ...</subfield>
    <subfield code="b">wa-bi-hāmishih kitāb Nayl al-ibtihāj bi-taṭrīz al-Dībāj ...</subfield>
    <subfield code="c">[taʼlīf] Aḥmad ibn Aḥmad ... al Timbuktī ...</subfield>
  </datafield>
  <datafield ind1=" " ind2=" " tag="260">
    <subfield code="a">Cairo,</subfield>
    <subfield code="c">1351 [1932 or 3]</subfield>
  </datafield>
  <datafield ind1=" " ind2=" " tag="300">
    <subfield code="a">362 p.</subfield>
    <subfield code="c">28 cm.</subfield>
  </datafield>
  <datafield ind1=" " ind2=" " tag="546">
    <subfield code="a">In Arabic.</subfield>
  </datafield>
  <datafield ind1=" " ind2="0" tag="650">
    <subfield code="a">Malikites.</subfield>
    <subfield code="0">http://id.loc.gov/authorities/subjects/sh85080157</subfield>
  </datafield>
  <datafield ind1="1" ind2=" " tag="700">
    <subfield code="6">880-03</subfield>
    <subfield code="a">Bābā al-Timbuktī, Aḥmad ibn Aḥmad,</subfield>
    <subfield code="c">called,</subfield>
    <subfield code="d">d.1623.</subfield>
  </datafield>
  <datafield ind1="1" ind2=" " tag="880">
    <subfield code="6">100-01/r</subfield>
    <subfield code="a">ابن فرحون، ابراهيم بن علي،</subfield>
    <subfield code="d">-1397.</subfield>
  </datafield>
  <datafield ind1="0" ind2="2" tag="880">
    <subfield code="6">245-02/r</subfield>
    <subfield code="a">الديباج المذهب في معرفة اعيان علماء المذهب ...</subfield>
    <subfield code="b">وبهامشه كتاب نيل الابتهاج بتطريز الديباج ...</subfield>
    <subfield code="c">[تأليف] احمد بن احمد ... ال تمبكتي ...</subfield>
  </datafield>
  <datafield ind1="1" ind2=" " tag="880">
    <subfield code="6">700-03/r</subfield>
    <subfield code="a">بابا التمبكتي، احمد بن احمد،</subfield>
    <subfield code="c">called,</subfield>
    <subfield code="d">d.1623.</subfield>
  </datafield>
  <datafield ind1=" " ind2=" " tag="947">
    <subfield code="a">CED4547</subfield>
  </datafield>
  <datafield ind1=" " ind2=" " tag="911">
    <subfield code="a">20000130</subfield>
  </datafield>
  <datafield ind1=" " ind2=" " tag="994">
    <subfield code="a">C0</subfield>
    <subfield code="b">PUL</subfield>
  </datafield>
  <datafield ind1=" " ind2=" " tag="999">
    <subfield code="a">1390518</subfield>
  </datafield>
  <datafield ind1="0" ind2="0" tag="852">
    <subfield code="0">1596278</subfield>
    <subfield code="b">nec</subfield>
    <subfield code="t">1</subfield>
    <subfield code="h">KBP320.I2627</subfield>
    <subfield code="i">A33 1932</subfield>
  </datafield>
  <datafield ind1=" " ind2=" " tag="959">
    <subfield code="a">2000-06-13 00:00:00 -0400</subfield>
  </datafield>
</record>
